  @Misc{hid-sp18-417-wiki-Ansible,
  title        = {Ansible},
  howpublished = {Web Page},
  timestamp    = {2018-02-01},
  Url = {https://en.wikipedia.org/wiki/Ansible_(software)}
}

  @Misc{hid-sp18-417-techtarget-cloudStack,
  title     = {Apache CloudStack },
  howpublished = {Web Page},
  timestamp = {2018-s02-01},
  Url       = { http://whatis.techtarget.com/definition/CloudStack}
}

@Misc{ hid-sp18-417-wiki-deltacloud,
  title     = {Apache DeltaCloud},
  howpublished = {Web Page},
  timestamp = {2018-02-01},
  Url       = { https://en.wikipedia.org/wiki/Deltacloud }
}

@Misc{hid-sp18-417-openrefine,
  title        = {OpenRefine usability},
  howpublished = {Web Page},
   Url = {https://www.computerworld.com/article/2507728/enterprise-applications/enterprise-applications-22-free-tools-for-data-visualization-and-analysis.html?page=2}
}

@Misc{hid-sp18-417-opennebula-wiki}
  title     = {Opennebula },
  howpublished = {Web Page},
  timestamp = {2018-05-01},
  Url = { https://en.wikipedia.org/wiki/OpenNebula}
}




